@inproceedings{karger1997consistent,
  title={Consistent hashing and random trees: Distributed caching protocols for relieving hot spots on the world wide web},
  author={Karger, David and Lehman, Eric and Leighton, Tom and Panigrahy, Rina and Levine, Matthew and Lewin, Daniel},
  booktitle={Proceedings of the twenty-ninth annual ACM symposium on Theory of computing},
  pages={654--663},
  year={1997}
}

@inproceedings{coluzzi2023survey,
  title={A survey and comparison of consistent hashing algorithms},
  author={Coluzzi, Massimo and Brocco, Amos and Contu, Patrizio and Leidi, Tiziano},
  booktitle={2023 IEEE International Symposium on Performance Analysis of Systems and Software (ISPASS)},
  pages={346--348},
  year={2023},
  organization={IEEE}
}

@article{ghomi2017load,
  title={Load-balancing algorithms in cloud computing: A survey},
  author={Ghomi, Einollah Jafarnejad and Rahmani, Amir Masoud and Qader, Nooruldeen Nasih},
  journal={Journal of Network and Computer Applications},
  volume={88},
  pages={50--71},
  year={2017},
  publisher={Elsevier}
}

@article{wang2007load,
  title={Load-balancing performance of consistent hashing: asymptotic analysis of random node join},
  author={Wang, Xiaoming and Loguinov, Dmitri},
  journal={IEEE/ACM Transactions on Networking},
  volume={15},
  number={4},
  pages={892--905},
  year={2007},
  publisher={IEEE}
}


@article{chou1982load,
  title={Load balancing in distributed systems},
  author={Chou, Timothy C. K. and Abraham, Jacob A.},
  journal={IEEE Transactions on Software Engineering},
  number={4},
  pages={401--412},
  year={1982},
  publisher={IEEE}
}

@book{jalote1994fault,
  title={Fault tolerance in distributed systems},
  author={Jalote, Pankaj},
  year={1994},
  publisher={Prentice-Hall, Inc.}
}


@book{lampson1979crash,
  title={Crash recovery in a distributed data storage system},
  author={Lampson, Butler W and Sturgis, Howard E},
  year={1979},
  publisher={Xerox Palo Alto Research Center Palo Alto, California}
}


@article{fan20202pc,
  title={2PC*: a distributed transaction concurrency control protocol of multi-microservice based on cloud computing platform},
  author={Fan, Pan and Liu, Jing and Yin, Wei and Wang, Hui and Chen, Xiaohong and Sun, Haiying},
  journal={Journal of Cloud Computing},
  volume={9},
  pages={1--22},
  year={2020},
  publisher={Springer}
}


@inproceedings{lin1983basic,
  title={Basic Timestamp, Multiple Version Timestamp, and Two-Phase Locking.},
  author={Lin, Wen-Te K and Nolte, Jerry},
  booktitle={VLDB},
  volume={83},
  pages={109--119},
  year={1983}
}

@article{barthels2019strong,
  title={Strong consistency is not hard to get: Two-Phase Locking and Two-Phase Commit on Thousands of Cores},
  author={Barthels, Claude and M{\"u}ller, Ingo and Taranov, Konstantin and Alonso, Gustavo and Hoefler, Torsten},
  journal={Proceedings of the VLDB Endowment},
  volume={12},
  number={13},
  pages={2325--2338},
  year={2019},
  publisher={VLDB Endowment}
}